@inbook{Klaus13,
  author    = {Conrad, Klaus-Jörg},
  title     = {Konstruktionsphase Konzipieren},
  booktitle = {Grundlagen der Konstruktionslehre},
  chapter   = {},
  pages     = {169-249},
  doi       = {10.3139/9783446436671.005},
  url       = {https://www.hanser-elibrary.com/doi/abs/10.3139/9783446436671.005},
  eprint    = {https://www.hanser-elibrary.com/doi/pdf/10.3139/9783446436671.005}
}

@misc{Verstehen19,
  title   = {Model View Controller Pattern Definition; Erklärung: Datenbank, DWH; Bi Lexikon},
  url     = {https://www.datenbanken-verstehen.de/lexikon/model-view-controller-pattern/},
  journal = {Datenbanken},
  author  = {Verstehen, Datenbanken},
  year    = {2019},
  month   = {Oct}
} 

@misc{Brownlee22,
  title   = {Threadpoolexecutor in Python: The complete guide},
  url     = {https://superfastpython.com/threadpoolexecutor-in-python/#What_Are_Thread_Pools},
  journal = {Super Fast Python},
  author  = {Brownlee, Jason},
  year    = {2022},
  month   = {Dec}
} 

@misc{Hamilton23,
  title   = {Unit testing tutorial - what is, Types; Test example},
  url     = {https://www.guru99.com/unit-testing-guide.html},
  journal = {Guru99},
  author  = {Hamilton, Thomas},
  year    = {2023},
  month   = {May}
} 

